@mvbook{dic:espasacalpe,
	author 		= {Espasa-Calpe},
	title 		= {Diccionario Enciclop\'{e}dico Espasa},
	year 		= {1989},
	pages 		= {1687, 3807},
	language 	= {Espa\~{n}ol},
	edition 	= {10},
	volumes 	= {3, 7},
	publisher 	= {Espasa-Calpe, S. A.},
	address 	= {Madrid},
	location 	= {Espa\~{n}a},
	isbn 		= {84-239-5920-1},
}

@mvbook{dic:clarin,
	author 		= {Clar\'{i}n},
	title 		= {Enciclopedia Clar\'{i}n},
	year 		= {1997},
	language 	= {Espa\~{n}ol},
	volumes 	= {8},
	publisher 	= {VISOR Enciclopedias Audiovisuales S.A.},
	address 	= {Buenos Aires},
	location 	= {Argentina},
	isbn 		= {987-522-034-5},
}

@online{rae,
	author 		= {{Real Academia Espa\~{n}ola}},
	title 		= {Diccionario de la lengua espa\~{n}ola, 23. ed.},
	year 		= {2014},
	url 		= {https://dle.rae.es},
}

@online{rae:contrato,
	author 		= {{Real Academia Espa\~{n}ola}},
	title 		= {Diccionario Panhisp\'{a}nico del Espa\~{n}ol Jur\'{i}dico},
	year 		= {2020},
	edition		= {23},
	version		= {23.4},
	url			= {https://dpej.rae.es},
	lastchecked	= {16 de julio, 2021},
}

@article{epedia:dinero,
	author 		= {Sevilla Arias, Andr\'{e}s and Pedrosa, Steven Jorge},
	title 		= {Dinero},
	journal 	= {Economipedia.com},
	year 		= {2016},
	month		= {enero},
	day			= {12},
	url 		= {https://economipedia.com/},
	lastchecked	= {30 de noviembre, 2021},
}

@article{epedia:deval,
	author 		= {Sevilla Arias, Andr\'{e}s},
	title 		= {Devaluaci\'{o}n},
	journal 	= {Economipedia.com},
	year 		= {2012},
	month		= {marzo},
	day			= {8},
	url 		= {https://economipedia.com/},
	lastchecked	= {30 de noviembre, 2021},
}

@article{epedia:reval,
	author 		= {Pedrosa, Steven Jorge},
	title 		= {Revaluaci\'{o}n},
	journal 	= {Economipedia.com},
	year 		= {2017},
	month		= {febrero},
	day			= {8},
	url 		= {https://economipedia.com/},
	lastchecked	= {30 de noviembre, 2021},
}

@article{epedia:depr,
	author 		= {V\'{a}zquez Burguillo, Roberto},
	title 		= {Depreciaci\'{o}n},
	journal 	= {Economipedia.com},
	year 		= {2016},
	month		= {marzo},
	day			= {2},
	url 		= {https://economipedia.com/},
	lastchecked	= {30 de noviembre, 2021},
}

@article{epedia:nominal,
	author 		= {S\'{a}nchez Gal\'{a}n, Javier},
	title 		= {Valor nominal},
	journal 	= {Economipedia.com},
	year 		= {2016},
	month		= {mayo},
	day			= {30},
	url 		= {https://economipedia.com/},
	lastchecked	= {30 de noviembre, 2021},
}

@article{epedia:fiducia,
	author 		= {Pedrosa, Steven Jorge},
	title 		= {Fiducia},
	journal 	= {Economipedia.com},
	year 		= {2016},
	month		= {diciembre},
	day			= {14},
	url 		= {https://economipedia.com/},
	lastchecked	= {30 de noviembre, 2021},
}

@article{epedia:bien,
	author 		= {S\'{a}nchez Gal\'{a}n, Javier},
	title 		= {Bien},
	journal 	= {Economipedia.com},
	year 		= {2016},
	month		= {febrero},
	day			= {7},
	url 		= {https://economipedia.com/},
	lastchecked	= {30 de noviembre, 2021},
}

@article{epedia:inflac,
	author 		= {Sevilla Arias, Andr\'{e}s},
	title 		= {Inflaci\'{o}n},
	journal 	= {Economipedia.com},
	year 		= {2015},
	month		= {noviembre},
	day			= {1},
	url 		= {https://economipedia.com/},
	lastchecked	= {30 de noviembre, 2021},
}

@article{epedia:deflac,
	author 		= {Sevilla Arias, Andr\'{e}s},
	title 		= {Deflaci\'{o}n},
	journal 	= {Economipedia.com},
	year 		= {2013},
	month		= {septiembre},
	day			= {23},
	url 		= {https://economipedia.com/},
	lastchecked	= {30 de noviembre, 2021},
}

@article{epedia:da,
	author 		= {Mariam Kiziryan},
	title 		= {Demanda agregada},
	journal 	= {Economipedia.com},
	year 		= {2015},
	month		= {mayo},
	day			= {14},
	url 		= {https://economipedia.com/},
	lastchecked	= {30 de noviembre, 2021},
}

@article{epedia:ley-o-d,
	author 		= {Sevilla Arias, Andr\'{e}s},
	title 		= {Ley de oferta y demanda},
	journal 	= {Economipedia.com},
	year 		= {2015},
	month		= {mayo},
	day			= {27},
	url 		= {https://economipedia.com/},
	lastchecked	= {30 de noviembre, 2021},
}

@article{epedia:hiper,
	author 		= {S\'{a}nchez Gal\'{a}n, Javier},
	title 		= {Hiperinflaci\'{o}n},
	journal 	= {Economipedia.com},
	year 		= {2015},
	month		= {mayo},
	day			= {26},
	url 		= {https://economipedia.com/},
	lastchecked	= {30 de noviembre, 2021},
}

@article{epedia:inversion,
	author 		= {L\'{o}pez, Jos\'{e} Francisco},
	title 		= {Inversi\'{o}n},
	journal 	= {Economipedia.com},
	year 		= {2018},
	month		= {julio},
	day			= {13},
	url 		= {https://economipedia.com/},
	lastchecked	= {30 de noviembre, 2021},
}

@article{epedia:encajefrac,
	author 		= {Husillos Vidic, Mario},
	title 		= {Banca de reserva fraccionaria},
	journal 	= {Economipedia.com},
	year 		= {2017},
	month		= {marzo},
	day			= {30},
	url 		= {https://economipedia.com/},
	lastchecked	= {30 de noviembre, 2021},
}

@article{epedia:visa,
	author 		= {Caballero Ferrari, Federico J.},
	title 		= {¿Existe una soluci\'{o}n para la escalabilidad de Bitcoin?},
	journal 	= {Economipedia.com},
	year 		= {2021},
	month		= {mayo},
	day			= {3},
	url 		= {https://economipedia.com/},
	lastchecked	= {30 de noviembre, 2021},
}

@article{epedia:bono,
	author 		= {Sevilla Arias, Andr\'{e}s},
	title 		= {Bono},
	journal 	= {Economipedia.com},
	year 		= {2015},
	month		= {noviembre},
	day			= {1},
	url 		= {https://economipedia.com/},
	lastchecked	= {30 de noviembre, 2021},
}

@article{epedia:bono-estado,
	author 		= {S\'{a}nchez Gal\'{a}n, Javier},
	title 		= {Bono de Estado},
	journal 	= {Economipedia.com},
	year 		= {2016},
	month		= {marzo},
	day			= {30},
	url 		= {https://economipedia.com/},
	lastchecked	= {30 de noviembre, 2021},
}

@article{epedia:ahorro,
	author 		= {V\'{a}zquez Burguillo, Roberto},
	title 		= {Ahorro},
	journal 	= {Economipedia.com},
	year 		= {2016},
	month		= {enero},
	day			= {14},
	url 		= {https://economipedia.com/},
	lastchecked	= {30 de noviembre, 2021},
}

@article{profeautorea,
	author 		= {Adam M. Samaha},
	title 		= {Regulation for the sake of appearance},
	year 		= {2011},
	publisher 	= {University of Chicago Public Law \& Legal Theory Working Paper No. 364},
	journal 	= {John M. Olin Law and Economics},
	address 	= {Chicago},
	language 	= {Ingl\'{e}s},
	series 		= {2},
	number 		= {364},
	pages 		= {11},
}

@book{triunfo-dinero,
	author 		= {Niall Ferguson},
	title 		= {El triunfo del dinero},
	year 		= {2010},
	translator 	= {Ramos Mena, Francisco J.},
	language 	= {Espa\~{n}ol},
	edition 	= {1},
	address 	= {Buenos Aires},
	publisher 	= {Debate},
	location 	= {Argentina},
	isbn 		= {978-987-1117-80-2},
	chapter 	= {1},
	pages 		= {41, 44, 75-76},
	pagetotal 	= {448},
}

@book{rothbard:dinero,
	author 		= {Rothbard, Murray N.},
	title 		= {¿Qu\'{e} ha hecho el gobierno de nuestro dinero?},
	year 		= {2008},
	translator 	= {Gam\'{o}n Robres, Juan Jos\'{e}},
	language 	= {Espa\~{n}ol},
	edition 	= {5},
	address 	= {Alabama},
	publisher 	= {Ludwig Von Mises Institute},
	location 	= {Estados Unidos},
	isbn 		= {978-1-933550-34-3},
}

@book{smith:riqueza-naciones,
	author 		= {Adam Smith},
	title 		= {La riqueza de las naciones},
	year 		= {1994},
	translator 	= {Rodriguez Braun, Carlos},
	language 	= {Espa\~{n}ol},
	edition 	= {1},
	address 	= {Madrid},
	publisher 	= {Alianza Editorial},
	location 	= {Espa\~{n}a},
	isbn 		= {84-206-0665-0},
}

@book{mises:lah,
	author 		= {von Mises, Ludwig},
	title 		= {La Acci\'{o}n Humana},
	year 		= {2011},
	foreword 	= {Huerta de Soto, Jes\'{u}s},
	translator	= {Reig Albiol, Joaqu\'{i}n},
	language 	= {Espa\~{n}ol},
	origlanguage = {Alem\'{a}n},
	edition 	= {10},
	address 	= {Madrid},
	publisher 	= {Uni\'{o}n Editorial},
	location 	= {Espa\~{n}a},
	isbn 		= {978-8-47-209540-3},
	chapter 	= {17},
	pages 		= {271-272, 483, 488-489},
	pagetotal 	= {1152},
}

@book{hayek:choice-currency,
	author 		= {von Hayek, Friedrich August},
	title 		= {Choice in Currency: A way to stop inflation},
	commentator = {Pearce, Ivor F. and Rose, Harold B. and Douglas Jay and {Sir Joseph, K.}},
	year 		= {1976},
	origlanguage = {Ingl\'{e}s},
	edition 	= {1},
	address 	= {Londres},
	publisher 	= {The Institute of Economic Affairs},
	location 	= {Gran Breta\~{n}a},
	isbn 		= {255 36078-9},
	chapter 	= {4},
	pages 		= {19},
	pagetotal 	= {47},
}

@book{elementos-econopol,
	author 		= {Krause, Mart\'{i}n Enrique and Zanotti, Gabriel J. and Ravier, Adri\'{a}n Osvaldo},
	title 		= {Elementos de Econom\'{i}a Pol\'{i}tica},
	year 		= {2007},
	language 	= {Espa\~{n}ol},
	edition 	= {1},
	address 	= {Buenos Aires},
	publisher 	= {La Ley},
	location 	= {Argentina},
	isbn 		= {978-987-03-1118-8},
}

@article{menger:origen,
	author 		= {Carl Menger},
	title 		= {On the Origin of Money},
	journal		= {The Economic Journal},
	year 		= {1892},
	editor 		= {Royal Economic Society},
	language 	= {Ingl\'{e}s},
	volume 		= {2},
	number 		= {6},
	address 	= {Oxford},
	publisher 	= {Oxford University Press},
	location 	= {Inglaterra},
	month 		= {Junio},
	pages 		= {239-255},
}

@misc{krishirst,
	author 		= {Kris Hirst},
	title 		= {Sedentism, Community-Building, Began 12,000 Years Ago},
	year 		= {2019},
	publisher 	= {Thoughtco.com},
}

@online{quimica:oro,
	author 		= {{Chemistry Explained}},
	title 		= {Gold},
	year 		= {2016},
	url 		= {http://www.chemistryexplained.com},
}

@book{mochobeker,
	author 		= {Moch\'{o}n, Francisco and Beker, V\'{i}ctor Alberto},
	title 		= {Econom\'{i}a. Elementos de micro y macroeconom\'{i}a},
	year 		= {2007},
	editor 		= {Solano, Ar\'{e}valo, Lily},
	language 	= {Espa\~{n}ol},
	edition 	= {3},
	publisher 	= {McGraw-Hill Interamericana S. A.},
	location 	= {Colombia},
	address 	= {Bogot\'{a}},
	isbn 		= {978-970-10-6604-1},
	chapter 	= {14},
	pages 		= {264-267},
}

@book{blanchard,
	author 		= {Olivier Blanchard and Alessia Amighini and Francesco Giavazzi},
	title 		= {Macroeconom\'{i}a},
	year 		= {2012},
	editor = {Alberto Ca\~{n}izal},
	translator 	= {Rabasco Esp\'{a}riz, Esther and Toharia Cort\'{e}s, Luis},
	language 	= {Espa\~{n}ol},
	origlanguage = {Ingl\'{e}s},
	edition 	= {5},
	publisher 	= {Pearson Educaci\'{o}n, S.A.},
	location 	= {Espa\~{n}a},
	address 	= {Madrid},
	isbn 		= {978-84-8322-7886},
	pages 		= {628},
	pagetotal 	= {688},
}

@article{susan-capital,
	author 		= {Susan Minushkin},
	title 		= {Barry Eichengreen, Globalizing Capital: A History of the International Monetary System, Princeton, Princeton University Press, 1996},
	journal = {Pol\'{i}tica y Gobierno},
	year = {2000},
	publisher = {CIDE},
	volume = {7},
	number = {1},
	month = {Abril},
	pages = {275},
	issn = {1685-2037},
	location = {M\'{e}xico},
}

@book{mankiw,
	author 		= {Mankiw, N. Gregory},
	title 		= {Macroeconom\'{i}a},
	year 		= {2014},
	translator 	= {Rabasco, M. Esther},
	language 	= {Espa\~{n}ol},
	origlanguage = {Ingl\'{e}s},
	edition 	= {8},
	publisher 	= {Antoni Bosch editor, S.A.},
	location 	= {Espa\~{n}a},
	address 	= {Barcelona},
	isbn 		= {978-84-95348-94-4},
	pages 		= {517-518},
}

@book{4milanos,
	author 		= {Schuettinger, Robert L. and Butler, Eamonn F.},
	title 		= {4000 a\~{n}os de control de precios y salarios: C\'{o}mo no combatir la inflaci\'{o}n},
	year 		= {1987},
	foreword = {Meiselman, David L.},
	language 	= {Espa\~{n}ol},
	origlanguage = {Ingl\'{e}s},
	edition 	= {1},
	publisher 	= {Editorial
Atl\'{a}ntida S.A.},
	location 	= {Argentina},
	address 	= {Buenos Aires},
	isbn 		= {950-08-0722-X},
}

@online{deval-dolar,
	author 		= {{U.S. Bureau of Labor Statistics}},
	title 		= {The Economics Daily},
	year 		= {2021},
	url 		= {https://beta.bls.gov},
}

@article{dineroarg:pmn,
	author 		= {{Ministerio de Justicia y Derechos Humanos}},
	title 		= {Ley: 1.130},
	journal		= {R.N.1878/81},
	month 		= {noviembre},
	year 		= {1881},
	url			= {http://servicios.infoleg.gob.ar},
}

@article{dineroarg:bcra,
	author 		= {{Honorable Congreso de la Naci\'{o}n Argentina}},
	title 		= {Banco Central de la Rep\'{u}blica Argentina: Creaci\'{o}n},
	journal 	= {Bolet\'{i}n Oficial},
	month 		= {abril},
	year 		= {1935},
	number 		= {12242},
	url			= {http://servicios.infoleg.gob.ar},
}

@article{dineroarg:18188,
	author 		= {{Poder Ejecutivo Nacional}},
	title 		= {Peso Argentino: Nueva denominaci\'{o}n del Peso Moneda Nacional},
	journal 	= {Bolet\'{i}n Oficial},
	month 		= {abril},
	year 		= {1969},
	number 		= {21667},
	url			= {http://servicios.infoleg.gob.ar},
}

@article{dineroarg:pesarg,
	author 		= {{Poder Ejecutivo Nacional}},
	title 		= {Peso Argentino: Nueva denominaci\'{o}n del Peso Moneda Nacional},
	journal 	= {Bolet\'{i}n Oficial},
	month 		= {enero},
	year 		= {1983},
	number 		= {25087},
	url			= {http://servicios.infoleg.gob.ar},
}

@article{dineroarg:austr,
	author 		= {{Poder Ejecutivo Nacional}},
	title 		= {Reforma Monetaria},
	journal 	= {Decreto},
	month 		= {enero},
	year 		= {1985},
	number 		= {1096},
	url			= {http://servicios.infoleg.gob.ar},
}

@article{ley:16459,
	author 		= {{Ministerio de Justicia y Derechos Humanos}},
	title 		= {Decreto Reglamentario de la Ley 16.459 sobre Salario M\'{i}nimo, Vital y M\'{o}vil},
	journal		= {Bolet\'{i}n Oficial},
	day			= {15},
	month 		= {junio},
	year 		= {1964},
	number 		= {20443},
	url			= {http://servicios.infoleg.gob.ar},
}

@article{ley:16459-reglamentacion,
	author 		= {{Ministerio de Justicia y Derechos Humanos}},
	title 		= {Decreto Reglamentario de la Ley 16.459 sobre Salario M\'{i}nimo, Vital y M\'{o}vil},
	journal		= {Bolet\'{i}n Oficial},
	day			= {4},
	month 		= {agosto},
	year 		= {1991},
	number 		= {27104},
	url			= {http://www.saij.gob.ar},
}

@article{res:2-93,
	author 		= {{CNSMVM}},
	title 		= {Salario M\'{i}nimo Vital y M\'{o}vil},
	subtitle	= {Resoluci\'{o}n N. 2/93},
	journal		= {Bolet\'{i}n Oficial},
	day			= {26},
	month 		= {julio},
	year 		= {1993},
	number 		= {2},
	url			= {http://sil1.com.ar/},
}

@article{dineroarg:act,
	author 		= {{Honorable Congreso de la Naci\'{o}n Argentina}},
	title 		= {Convertibilidad del Austral},
	journal		= {Bolet\'{i}n Oficial},
	month 		= {marzo},
	year 		= {1991},
	number 		= {27104},
	url			= {http://servicios.infoleg.gob.ar},
}

@article{ley:24241,
	author 		= {{Honorable Congreso de la Naci\'{o}n Argentina}},
	title 		= {Sistema Integrado de Jubilaciones y Pensiones},
	journal		= {Bolet\'{i}n Oficial},
	day			= {23},
	month 		= {septiembre},
	year 		= {1993},
	number 		= {24241},
	url			= {http://servicios.infoleg.gob.ar},
}

@book{indec-hist,
	author 		= {Mario Rapoport},
	title 		= {Aportes de la Econom\'{i}a Pol\'{i}tica en el Bicentenario},
	year 		= {2011},
	editor 		= {V\'{a}zquez Blanco, Juan Manuel},
	editora 	= {Santiago Franchina},
	publisher 	= {Prometeo},
	location 	= {Argentina},
	address 	= {Buenos Aires},
	isbn 		= {978-987-574-475-2},
	chapter 	= {Una revisi\'{o}n hist\'{o}rica de la inflaci\'{o}n argentina y de sus causas},
	pages 		= {16},
}

@book{keynes,
	author 		= {Keynes, John Maynard},
	title 		= {Teor\'{i}a general de la ocupaci\'{o}n, el inter\'{e}s y el dinero},
	year 		= {1965},
	editor 		= {P\'{e}rez, \'{A}ngel Mar\'{i}a},
	translator 	= {Hornedo, Eduardo},
	edition 	= {7},
	publisher 	= {Fondo de Cultura Econ\'{o}mica},
	address 	= {M\'{e}xico D.F.},
	location 	= {M\'{e}xico},
	isbn 		= {950-557-494-0},
	pages 		= {160},
	pagetotal 	= {368},
}

@book{friedman:paro,
	author 		= {Milton Friedman and Ravier, Adri\'{a}n O.},
	title 		= {Paro e inflaci\'{o}n},
	year 		= {2012},
	publisher 	= {Uni\'{o}n Editorial},
	location 	= {Espa\~{n}a},
	address 	= {Madrid},
	isbn 		= {978-84-7209-576-2},
}

@book{huertasoto:dinero,
	author 		= {Huerta de Soto, Jes\'{u}s},
	title 		= {Dinero, cr\'{e}dito bancario y ciclos econ\'{o}micos},
	year 		= {2009},
	edition 	= {4},
	publisher 	= {Uni\'{o}n Editorial S.A.},
	location 	= {Espa\~{n}a},
	address 	= {Madrid},
	isbn 		= {978-84-7209-473-4},
	pages 		= {407, 409},
}

@book{azpilcueta,
	author 		= {de Azpilcueta Navarro, Mart\'{i}n},
	title 		= {Comentario resolutorio de usuras},
	year 		= {1568},
	address 	= {Amberes},
	pages 		= {54-55},
}

@book{mises:teodinero,
	author 		= {von Mises, Ludwig},
	title 		= {La teor\'{i}a del dinero y del cr\'{e}dito},
	year 		= {1997},
	translator 	= {de la Fuente, Juan Marcos},
	edition 	= {1},
	publisher 	= {Uni\'{o}n Editorial S.A.},
	location 	= {Espa\~{n}a},
	address 	= {Madrid},
	isbn = {84-7209-314-X},
	pages = {182-185},
}

@book{milei:libertad,
	author 		= {Javier Milei and Diego Giacomini},
	title 		= {Libertad, libertad, libertad: para romper las cadenas que no nos dejan crecer},
	year 		= {2019},
	edition 	= {1},
	publisher 	= {Galerna},
	location 	= {Argentina},
	address 	= {Ciudad Aut\'{o}noma de Buenos Aires},
	isbn 		= {978-950-556-740-9},
}

@article{motyl:pesos,
	author 		= {Natalia Motyl},
	title 		= {El papel de \$1.000 no alcanza},
	journal 	= {Diario El Argentino},
	year 		= {2021},
	month 		= {julio},
	day 		= {9},
}

@article{krause:teomon,
	author 		= {Mart\'{i}n Krause},
	title 		= {La inflaci\'{o}n es un problema monetario, pero Mises critica la teor\'{i}a cuantitativa del dinero y su ecuaci\'{o}n},
	journal 	= {Universidad Francisco Marroqu\'{i}n},
	year 		= {2016},
	month 		= {octubre},
	day 		= {10},
}

@article{arg:trueque,
	author 		= {Gloria Escribano and Cristina Esperanza},
	title 		= {Argentina regresa al trueque},
	journal 	= {Cr\'{o}nica - El Mundo},
	number		= {343},
	year 		= {2002},
	month 		= {mayo},
	day 		= {12},
	url			= {https://www.elmundo.es},
	lastchecked	= {13 de julio, 2021},
}

@article{bulat:hiper,
	author 		= {Santiago Bulat},
	title 		= {Hiperinflaci\'{o}n: qu\'{e} es y qu\'{e} episodios hubo en el mundo y en la Argentina},
	journal 	= {La Naci\'{o}n},
	year 		= {2020},
	month 		= {octubre},
	day 		= {25},
}

@article{bae:dinpaso,
	author 		= {{BAE Negocios}},
	title 		= {Elecciones 2021: Cu\'{a}nto dinero recibir\'{a}n los partidos pol\'{i}ticos para la campa\~{n}a},
	journal 	= {Infobae},
	year 		= {2021},
	month 		= {mayo},
	day 		= {14},
}

@article{infobae:auto0kmbitcoin,
	author 		= {Ariel Mamani},
	title 		= {Furor Bitcoin: se vendi\'{o} el primer autom\'{o}vil OKM con criptomonedas en la Argentina},
	journal 	= {Infobae},
	year 		= {2021},
	month 		= {agosto},
	day 		= {17},
}

@article{sist:cffn,
	author 		= {Ph.D. Dhakal, Pramod},
	title 		= {The Law of Rule: Centralized, Decentralized and Distributed Systems},
	journal 	= {Canada Foundation for Nepal},
	year 		= {2009},
	month 		= {abril},
	day 		= {3},
}

@book{sist:openstax,
	author 		= {Mitchell Franklin and Patty Graybeal and Dixon Cooper},
	title 		= {Principles of Accounting, Volume 2: Managerial Accounting},
	year 		= {2019},
	volume 		= {2},
	publisher 	= {OpenStax},
	address 	= {Texas},
	isbn 		= {978-1-947172-59-3},
	url 		= {https://openstax.org},
	lastchecked	= {14 de julio, 2021},
}

@article{sist:p2p,
	author 		= {Chavis, Jason C.},
	title 		= {What is a Peer to Peer Database?},
	journal 	= {EasyTechJunkie},
	year 		= {2010},
	url 		= {https://www.easytechjunkie.com},
}

@article{sist:central,
	author 		= {Mary McMahon},
	title 		= {What is a Peer to Peer Database?},
	journal 	= {EasyTechJunkie},
	year 		= {2011},
	url 		= {https://www.easytechjunkie.com},
	lastchecked	= {14 de julio, 2021},
}

@article{sist:descentral,
	author 		= {Troy Holmes},
	title 		= {What is a Distributed Database?},
	journal 	= {EasyTechJunkie},
	year 		= {2010},
	url 		= {https://www.easytechjunkie.com},
	lastchecked	= {14 de julio, 2021},
}

@article{introcripto,
	author 		= {Granados Paredes, Gibr\'{a}n},
	title 		= {Introducci\'{o}n a la criptograf\'{i}a},
	journal 	= {DGSCA-UNAM},
	year 		= {2006},
	month 		= {julio},
	day 		= {10},
	volume 		= {7},
	number 		= {7},
	issn 		= {1067-6079},
	url 		= {http://www.revista.unam.mx},
	lastchecked	= {15 de julio, 2021},
}

@article{blockchain:comisiones,
	author 		= {Jos\'{e} Maldonado},
	title 		= {Blockchain reducir\'{a} a la mitad los ingresos por comisiones de los bancos suizos, seg\'{u}n Moody's},
	journal 	= {Observatorio Blockchain},
	year 		= {2019},
	month 		= {abril},
	day 		= {30},
	url 		= {https://observatorioblockchain.com},
	lastchecked	= {16 de julio, 2021},
}

@techreport{bid:criptos,
	author 		= {Marcelo Bastante},
	title 		= {Estudio Fintech 2020: Ecosistema argentino},
	type 		= {Reporte},
	institution = {Banco Interamericano de Desarrollo},
	year 		= {2020},
	month 		= {julio},
	number 		= {IDB-TN-2070},
	url			= {http://www.iadb.org},
	lastchecked	= {16 de julio, 2021},
}

@techreport{pwc:criptos,
	author 		= {Pamela Johnston and Tim Davis},
	title 		= {What might blockchain mean for the mortgage industry?},
	type 		= {Reporte},
	institution = {Banco Interamericano de Desarrollo},
	year 		= {2016},
	month 		= {junio},
	url			= {https://www.pwc.com},
	lastchecked	= {16 de julio, 2021},
}

@article{blockchain:medicina,
	author 		= {Torres Montoya, Sebasti\'{a}n},
	title 		= {Blockchain o c\'{o}mo el principio de funcionamiento de las criptomonedas sirve para historias cl\'{i}nicas},
	journal 	= {El Hospital},
	year 		= {2018},
	month 		= {febrero},
	day 		= {26},
	url 		= {https://www.elhospital.com},
	lastchecked	= {16 de julio, 2021},
}

@article{smartcontract,
	author 		= {Lance Koonce},
	title 		= {Let's Disintermediate All the Lawyers: Smart Contracts on the Blockchain (Why Blockchain Matters to the Arts, Part 4)},
	journal 	= {Medium},
	year 		= {2016},
	month 		= {febrero},
	day 		= {23},
	url 		= {https://medium.com},
	lastchecked	= {16 de julio, 2021},
}

@article{smartcontract:lewis,
	author 		= {Antony Lewis},
	title 		= {A gentle introduction to smart contracts},
	journal 	= {Bits on Blocks},
	year 		= {2016},
	month 		= {febrero},
	day 		= {1},
	url 		= {https://bitsonblocks.net},
	lastchecked	= {16 de julio, 2021},
}

@article{smartcontract:logistica,
	author 		= {Maestre, Ra\'{u}l Jaime},
	title 		= {Blockchain en el sector de la log\'{i}stica: trazabilidad y transparencia},
	journal 	= {IEBS},
	year 		= {2018},
	month 		= {noviembre},
	day 		= {15},
	url 		= {https://www.iebschool.com},
	lastchecked	= {16 de julio, 2021},
}

@article{bolsacomercio,
	author 		= {Javier Treboux},
	title 		= {El uso de la tecnolog\'{i}a Blockchain en la trazabilidad de carne vacuna},
	journal 	= {Bolsa de Comercio de Rosario},
	year 		= {2019},
	month 		= {noviembre},
	day 		= {29},
	volume 		= {XXXVII},
	number 		= {1933},
	url 		= {https://www.bcr.com.ar},
	lastchecked	= {16 de julio, 2021},
}

@article{fr:sha,
	author 		= {{Federal Register}},
	title 		= {National Institutes of Standards and
Technology},
	journal		= {Department of Commerce},
	year 		= {2001},
	month 		= {mayo},
	day 		= {30},
	subtitle 	= {Notices},
	volume 		= {66},
	number 		= {104},
	pages 		= {29287},
	url			= {https://www.govinfo.gov},
	lastchecked	= {16 de julio, 2021},
}

@article{wb:pobl-mundial,
	author 		= {{Banco Mundial}},
	title 		= {Poblaci\'{o}n, Total},
	journal		= {Grupo Banco Mundial},
	year 		= {2021},
	month 		= {junio},
	day 		= {30},
	url			= {https://datos.bancomundial.org/},
	lastchecked	= {19 de julio, 2021},
}

@article{atomos-universo,
	author 		= {Villanueva, John Carl},
	title 		= {How Many Atoms Are There in the Universe?},
	journal		= {Universe Today},
	year 		= {2009},
	url			= {https://www.universetoday.com},
	lastchecked	= {19 de julio, 2021},
}

@article{tiempo-planck,
	author 		= {{Swinburne University of Technology}},
	title 		= {Planck Time},
	journal		= {Cosmos: The Swinburne Astronomy Online Encyclopedia},
	year 		= {2021},
	url			= {https://astronomy.swin.edu.au},
	lastchecked	= {19 de julio, 2021},
}

@online{bitcoinpool,
	author 		= {{Mining Pool Stats}},
	title 		= {Bitcoin},
	year 		= {2021},
	url			= {https://miningpoolstats.stream},
	lastchecked	= {16 de julio, 2021},
}

@article{cronista:uif,
	author 		= {Mariano Gorodisch},
	title 		= {La UIF controlar\'{a} a quienes compren d\'{o}lares a trav\'{e}s de Bitcoin},
	journal 	= {El Cronista},
	address		= {Capital Federal},
	year 		= {2020},
	month 		= {julio},
	day 		= {13},
	url 		= {https://www.cronista.com},
	lastchecked	= {19 de julio, 2021},
}

@article{cripto-legalidad,
	author 		= {{Law Library of Congress (U.S.)}},
	title 		= {Regulation of Cryptocurrency Around the World},
	journal 	= {The Law Library of Congress, Global Legal Research Center},
	address		= {{Washington, DC}},
	year 		= {2018},
	month 		= {junio},
	number 		= {2018298387},
	url 		= {https://www.loc.gov},
	lastchecked	= {19 de julio, 2021},
}

@book{huertasoto:socialismo,
	author 		= {Huerta de Soto, Jes\'{u}s},
	title 		= {Socialismo, C\'{a}lculo econ\'{o}mico y Funci\'{o}n empresarial},
	year 		= {2015},
	edition 	= {5},
	publisher 	= {Uni\'{o}n Editorial S.A.},
	location 	= {Espa\~{n}a},
	address 	= {Madrid},
	isbn 		= {978-84-7209-658-5},
}

@article{cronista:capitalismo,
	author 		= {Javier Milei},
	title 		= {Instituciones del capitalismo: propiedad privada y mercados libres},
	journal 	= {El Cronista},
	address		= {Capital Federal},
	year 		= {2017},
	month 		= {octubre},
	day			= {19},
	url 		= {https://www.cronista.com},
	lastchecked	= {20 de julio, 2021},
}

@article{pwc:impuestos,
	author 		= {Ricardo Tavieres},
	title 		= {Pagar impuestos empresariales es m\'{a}s f\'{a}cil gracias a la tecnolog\'{i}a},
	journal 	= {PwC},
	year 		= {2019},
	month 		= {diciembre},
	day			= {9},
	url 		= {https://www.pwc.com.ar},
	lastchecked	= {20 de julio, 2021},
}

@article{mises:revuelta,
	author 		= {Federico Fern\'{a}ndez},
	title 		= {¿Est\'{a} Argentina al borde de una revuelta fiscal?},
	journal 	= {Mises Wire},
	year 		= {2019},
	month 		= {febrero},
	day			= {26},
	url 		= {https://mises.org/es/wire/},
	lastchecked	= {20 de julio, 2021},
}

@misc{bitcoin:bloques,
	author 		= {{Blockchain.com}},
	title 		= {Bitcoin Explorer},
	year 		= {2021},
	url 		= {https://www.blockchain.com},
	lastchecked	= {20 de julio, 2021},
}

@misc{bitcoin:binance,
	author 		= {Binance},
	title 		= {BTC/USDT},
	year 		= {2021},
	url 		= {https://www.binance.com},
	lastchecked	= {20 de julio, 2021},
}

@article{litwak,
	author 		= {Mart\'{i}n Litwak},
	title 		= {Argentina es un infierno tributario, es uno de los pa\'{i}ses con mayor presi\'{o}n fiscal del mundo},
	journal 	= {Infobae},
	address		= {Capital Federal},
	year 		= {2020},
	month 		= {enero},
	day			= {17},
	url 		= {https://www.infobae.com},
	lastchecked	= {25 de julio, 2021},
}

@article{milei:intransigente,
	author 		= {Javier Milei},
	title 		= {No hay pol\'{i}ticos m\'{a}s ladrones que los nuestros},
	journal 	= {El intransigente},
	address		= {Buenos Aires},
	year 		= {2019},
	month 		= {septiembre},
	day			= {22},
	url 		= {https://elintransigente.com},
	lastchecked	= {25 de julio, 2021},
}

@article{esquemaponzi,
	author 		= {{Federal Bureau of Investigation}},
	title 		= {Ponzi Schemes},
	journal 	= {Scams and Safety},
	address		= {Washington, D.C.},
	year 		= {2020},
	url 		= {https://www.fbi.gov},
	lastchecked	= {25 de julio, 2021},
}

@article{smartcontracts:contratoslaborales,
	author 		= {Vladimir Tikhomirov},
	title 		= {Blockchain revolution in labor contracts},
	journal 	= {Medium},
	year 		= {2017},
	month 		= {noviembre},
	day			= {2},
	url 		= {https://cryptomywish.medium.com},
	lastchecked	= {25 de julio, 2021},
}

@book{palmer:jubilacion,
	author 		= {Palmer, Tom G. and David Beito and Piercamillo Falasca and David Green and Aristides Hatzis and Johan Norberg and Michael Tanner},
	title 		= {After the Welfare State},
	year 		= {2012},
	editor 		= {Palmer, Tom G.},
	language 	= {Ingl\'{e}s},
	publisher 	= {Students For Liberty \& Atlas Economic Research Foundation},
	location 	= {United States of America},
	address		= {Washington, D.C.},
	isbn 		= {978-0-89803-171-3},
	pagetotal 	= {192},
}

@article{defensanac:bbc,
	author 		= {Daniel Pardo},
	title 		= {Por qu\'{e} Argentina es el pa\'{i}s que menos gasta en defensa en Sudam\'{e}rica y c\'{o}mo pudo eso afectar al submarino desaparecido ARA San Juan},
	journal 	= {BBC},
	year 		= {2017},
	month 		= {noviembre},
	day			= {28},
	url 		= {https://www.bbc.com},
	lastchecked	= {25 de julio, 2021},
}

@article{edadlaboralarg,
	author 		= {Levy Yeyati, Eduardo and Mart\'{i}n Montane and Daniel Schteingart},
	title 		= {Radiograf\'{i}a del trabajo argentino},
	journal 	= {Argentina 2030},
	year 		= {2018},
	month 		= {febrero},
}

@article{bancomundial:gastomilitarARG,
	author 		= {{Banco Mundial}},
	title 		= {Gasto militar (\% del PIB)},
	journal		= {Grupo Banco Mundial},
	year 		= {2021},
	url			= {https://datos.bancomundial.org/},
	lastchecked	= {25 de julio, 2021},
}

@book{4000anios,
	author 		= {Schuettinger, Robert L. and Butler, Eamonn F.},
	title 		= {4000 a\~{n}os de control de precios y salarios: C\'{o}mo no combatir la inflaci\'{o}n},
	year 		= {1979},
	translator = {Betina Heyer and Anal\'{i}a Ti\'{e}voli and Silvia Pedreira and Lidia Diament and Mart\'{i}n Krause},
	editor 		= {Porzio, Luis A.},
	introduction = {Meiselman, David L.},
	edition 	= {1},
	publisher 	= {Editorial Atl\'{a}ntida S.A.},
	location 	= {Argentina},
	address 	= {Buenos Aires},
	isbn 		= {950-08-0722-X},
}

@misc{oanda,
	author 		= {OANDA},
	title 		= {Conversor de divisas},
	year 		= {2021},
	month		= {julio},
	day			= {30},
	publisher 	= {OANDA Corporation},
	url			= {https://www1.oanda.com},
	lastchecked = {30 de julio, 2021},
}

@article{iso:4217,
	author 		= {{ISO}},
	title 		= {Codes for the representation of currencies},
	journal		= {International Organization for Standardization},
	year 		= {2015},
	month		= {agosto},
	edition		= {8},
	number 		= {4217},
	url			= {https://www.iso.org},
	lastchecked	= {30 de julio, 2021},
}

@book{manifiesto-comunista,
	author 		= {Karl Marx and Friedrich Engels},
	title 		= {Manifiesto Comunista},
	year 		= {2019},
	translator 	= {Pedro Ribas},
	introduction = {Pedro Ribas},
	edition 	= {2},
	number 		= {8},
	publisher 	= {Alianza Editorial, S. A.},
	location 	= {Espa\~{n}a},
	address 	= {Madrid},
	isbn 		= {978-84-206-5500-0},
}

@article{bitcoin:wpaper,
	author 		= {Satoshi Nakamoto},
	title 		= {Bitcoin: Un Sistema de Efectivo Electr\'{o}nico Usuario-a-Usuario},
	journal 	= {Bitcoin.org},
	year 		= {2009},
	translator 	= {\'{A}ngel Le\'{o}n},
	url 		= {https://bitcoin.org/es/bitcoin-documento},
	lastchecked = {09 de agosto, 2021},
}

@misc{bitcoin:faq,
	author 		= {{Bitcoin.org}},
	title 		= {FAQ},
	year 		= {2021},
	url 		= {https://bitcoin.org/es/faq},
	lastchecked = {09 de agosto, 2021},
}

@misc{bitwiki:oferta,
	author 		= {{Bitcoin Wiki}},
	title 		= {Controlled supply},
	year 		= {2021},
	url 		= {https://en.bitcoin.it},
	lastchecked = {09 de agosto, 2021},
}

@misc{bitwiki:direccion,
	author 		= {{Bitcoin Wiki}},
	title 		= {Direcci\'{o}n},
	year 		= {2021},
	url 		= {https://es.bitcoin.it},
	lastchecked = {12 de agosto, 2021},
}

@misc{bitwiki:dificultad,
	author 		= {{Bitcoin Wiki}},
	title 		= {Difficulty},
	year 		= {2021},
	url 		= {https://en.bitcoin.it},
	lastchecked = {19 de agosto, 2021},
}

@misc{minado:cpu,
	author 		= {Matt Hanson and Brian Turner and DeMuro, Jonas P.},
	title 		= {Best mining CPU for 2021: the best processors for mining cryptocurrency},
	year 		= {2021},
	month		= {abril},
	day			= {29},
	url 		= {https://www.techradar.com},
	lastchecked = {10 de agosto, 2021},
}

@misc{minado:gpuasic,
	author 		= {Rodrigo Alonso},
	title 		= {ASIC para minar criptomonedas, ¿qu\'{e} son y c\'{o}mo funcionan?},
	year 		= {2021},
	month		= {marzo},
	day			= {15},
	url 		= {https://hardzone.es},
	lastchecked = {10 de agosto, 2021},
}

@report{galaxydigital,
	author 		= {Rachel Rybarczyk and Drew Armstrong and Amanda Fabiano},
	title 		= {On Bitcoin's Energy Consumption: A Quantitative Approach to a Subjective Question},
	institution = {Galaxy Digital},
	year 		= {2021},
	month		= {marzo},
	url 		= {https://www.galaxydigital.io},
	lastchecked = {10 de agosto, 2021},
}

@report{bp,
	author 		= {{bp}},
	title 		= {Statistical Review of World Energy},
	year 		= {2021},
	edition		= {70},
	url 		= {https://www.bp.com},
	lastchecked = {20 de agosto, 2021},
}

@report{idb,
	author 		= {Ra\'{u}l Jim\'{e}nez and Tom\'{a}s Serebrisky and Jorge Mercado},
	title 		= {Electricidad perdida: Dimensionando las p\'{e}rdidas de electricidad en los sistemas de transmisi\'{o}n y distribuci\'{o}n en Am\'{e}rica Latina y el Caribe},
	year 		= {2014},
	url 		= {https://www.iadb.org/es},
	lastchecked = {20 de agosto, 2021},
}

@report{worldbank:electricidad,
	author 		= {{World Bank}},
	title 		= {Transmisi\'{o}n de energ\'{i}a el\'{e}ctrica y p\'{e}rdidas en la distribuci\'{o}n},
	year 		= {2014},
	url 		= {https://datos.bancomundial.org},
	lastchecked = {20 de agosto, 2021},
}

@misc{bitcoin:hrw,
	author 		= {{ReasonTV}},
	title		= {Bitcoin Is Protecting Human Rights Around the World},
	type		= {Video on-line},
	year 		= {2021},
	month		= {febrero},
	day			= {5},
	url 		= {https://www.youtube.com/},
	lastchecked = {10 de agosto, 2021},
}

@article{rojas:genocidio,
	author 		= {Rojas, Ricardo M. and Rond\'{o}n Garc\'{i}a, Andrea},
	title		= {¿Un caso de "genocidio econ\'{o}mico" en el siglo XXI?},
	journal		= {El CATO},
	publisher	= {Cato Institute},
	year 		= {2019},
	month		= {enero},
	day			= {2},
	url 		= {https://www.elcato.org},
	lastchecked = {10 de agosto, 2021},
}

@article{bitcoin:transaccion,
	author 		= {Nic Carter},
	title		= {How Much Energy Does Bitcoin Actually Consume?},
	journal 	= {Harvard Business Review},
	year 		= {2021},
	month		= {mayo},
	day			= {5},
	url 		= {https://hbr.org},
	lastchecked = {10 de agosto, 2021},
}

@article{bitcoin:energia,
	author 		= {Dominik Stroukal},
	title		= {Three Myths about Bitcoin's Energy Consumption},
	journal 	= {Trezor Blog},
	year 		= {2020},
	month		= {octubre},
	day			= {27},
	url 		= {https://blog.trezor.io},
	lastchecked = {20 de agosto, 2021},
}

@article{bitcoin:visa,
	author 		= {Carlos Domingo},
	title		= {The Bitcoin vs Visa Electricity Consumption Fallacy},
	journal 	= {HackerNoon},
	year 		= {2017},
	month		= {noviembre},
	day			= {19},
	url 		= {https://hackernoon.com},
	lastchecked = {20 de agosto, 2021},
}

@article{motyl:jubilacion,
	author 		= {Natalia Motyl},
	title		= {La situaci\'{o}n econ\'{o}mica de nuestros adultos mayores},
	journal		= {El CATO},
	publisher	= {Cato Institute},
	year 		= {2021},
	month		= {julio},
	day			= {14},
	url 		= {https://www.elcato.org},
	lastchecked = {11 de agosto, 2021},
}

@article{monero:whitepaper,
	author 		= {van Saberhagen, Nicolas},
	title		= {CryptoNote v2.0},
	journal		= {GetMonero.org/},
	year 		= {2013},
	month		= {octubre},
	day			= {17},
	url 		= {https://www.getmonero.org},
	lastchecked = {12 de agosto, 2021},
}

@article{monero:wpcomentarios,
	author 		= {{Monero Research Lab}},
	title		= {Whitepaper annotated},
	journal		= {GetMonero.org},
	year 		= {2013},
	month		= {octubre},
	day			= {17},
	url 		= {https://www.getmonero.org},
	lastchecked = {12 de agosto, 2021},
}

@article{tls,
	author 		= {{Proton Team}},
	title		= {What is a TLS/SSL certificate, and how does it work?},
	journal		= {ProtonMail.com},
	year 		= {2020},
	month		= {junio},
	day			= {11},
	url 		= {https://protonmail.com},
	lastchecked = {16 de agosto, 2021},
}

@article{shares,
	author 		= {Andrea Leal},
	title		= {Los mejores m\'{e}todos de pago para minar un pool de Bitcoin y c\'{o}mo funcionan},
	journal		= {CriptoNoticias.com},
	year 		= {2019},
	month		= {octubre},
	day			= {28},
	url 		= {https://www.criptonoticias.com},
	lastchecked = {16 de agosto, 2021},
}

@book{monero:master,
	author 		= {{SerHack}},
	title 		= {Mastering Monero: The future of private transactions},
	editor		= {{UncagedPotential}},
	year 		= {2018},
	edition 	= {1},
	publisher 	= {LernoLibro LLC.},
}

@article{monero:zeromonero,
	author 		= {Koe and Alonso, Kurt M. and Sarang Noether},
	title		= {Zero to Monero: a technical guide to a private digital currency; for beginners, amateurs, and experts},
	edition		= {2},
	journal		= {GetMonero.com},
	year 		= {2020},
	month		= {abril},
	day			= {4},
}

@article{xataka:darkmarket,
	author 		= {Enrique P\'{e}rez},
	title		= {Detienen al responsable de DarkMarket: el sistema de compraventa ilegal m\'{a}s grande de la Darknet que mov\'{i}a m\'{a}s de 140 millones de euros},
	journal		= {Xataka},
	year 		= {2021},
	month		= {enero},
	day			= {21},
	url			= {https://www.xataka.com},
	lastchecked = {21 de agosto, 2021},
}

@article{xataka:cafetera,
	author 		= {Javier Pastor},
	title		= {Cafeteras que minan Monero presas del ransomware: la pesadilla por la seguridad de la internet de las cosas nos acecha},
	journal		= {Xataka},
	year 		= {2020},
	month		= {septiembre},
	day			= {29},
	url			= {https://www.xataka.com},
	lastchecked = {21 de agosto, 2021},
}

@article{xataka:monero,
	author 		= {Javier Pastor},
	title		= {As\'{i} es Monero, la criptomoneda preferida de los cibercriminales por dos razones: anonimato y privacidad},
	journal		= {Xataka},
	year 		= {2017},
	month		= {septiembre},
	day			= {27},
	url			= {https://www.xataka.com},
	lastchecked = {21 de agosto, 2021},
}

@article{bolso-juliolopez1,
	author 		= {{La Naci\'{o}n}},
	title		= {Caso Jos\'{e} L\'{o}pez: una de las monjas dijo que le pidieron que est\'{e} "atenta al port\'{o}n" porque esa noche iba a ir "Jos\'{e}"},
	journal		= {La Naci\'{o}n},
	year 		= {2016},
	month		= {julio},
	day			= {22},
	url			= {https://www.lanacion.com.ar},
	lastchecked = {21 de agosto, 2021},
}

@article{bolso-juliolopez2,
	author 		= {Patricia Blanco},
	title		= {Condenaron a la pena \'{u}nica de siete a\~{n}os y medio de prisi\'{o}n a Jos\'{e} Lopez, el ex funcionario kirchnerista detenido cuando llevaba 9 millones de d\'{o}lares a un convento},
	journal		= {La Naci\'{o}n},
	year 		= {2020},
	month		= {septiembre},
	day			= {1},
	url			= {https://www.infobae.com},
	lastchecked = {21 de agosto, 2021},
}

@article{bolso-farina2,
	author 		= {Cristina P\'{e}rez},
	title		= {Bolsos, balanzas, b\'{o}vedas: los objetos m\'{a}s curiosos del esc\'{a}ndalo de corrupci\'{o}n que complica a Cristina Fern\'{a}ndez en Argentina},
	journal		= {BBC News},
	year 		= {2016},
	month		= {abril},
	day			= {13},
	url			= {https://www.bbc.com},
	lastchecked = {21 de agosto, 2021},
}

@online{bolso-farina1,
	author 		= {Jorge Lanata},
	title 		= {Informe de Lanata},
	journal		= {Periodismo Para Todos},
	year 		= {2013},
	month 		= {abril},
	day 		= {14},
	url 		= {https://www.youtube.com/watch?v=ktdwF7jQy5M},
	lastchecked = {21 de agosto, 2021},
}

@report{crimenes-internacionales,
	author 		= {Channing May and Christine Clough},
	title 		= {Transnational Crime and the Developing World},
	type 		= {Report},
	institution = {Global Financial Integrity},
	year 		= {2017},
	month 		= {marzo},
}

@article{derecho-privacidad,
	author 		= {Warren, Samuel D. and Brandeis, Louis D.},
	title 		= {The Right to Privacy},
	journal 	= {Harvard Law Review},
	year 		= {1890},
	month 		= {diciembre},
	day 		= {15},
	volume 		= {IV},
	number 		= {5},
	address 	= {Boston},
	pages 		= {193-220},
}

@article{lynch:privacidad,
	author 		= {Benegas Lynch (h), Alberto},
	title 		= {La destrucci\'{o}n de valores},
	journal 	= {Infobae},
	year 		= {2016},
	month 		= {mayo},
	day 		= {14},
	url			= {https://opinion.infobae.com},
	lastchecked = {21 de agosto, 2021},
}

@book{weber-estado,
	author 		= {Max Weber},
	title 		= {The Vocation Lectures},
	year 		= {2004},
	language 	= {Ingl\'{e}s},
	translator 	= {Rodney Livingstone},
	publisher 	= {Hackett Publishing Company},
	isbn 		= {978-0-87-220666-3},
	location 	= {Indian\'{a}polis},
	pages 		= {33},
}

@article{bitcoin:bielorrusia,
	author 		= {Anna Baydakova},
	title 		= {Bitcoin Dissidents: Those Who Need It Most},
	journal 	= {Coindesk},
	year 		= {2020},
	month 		= {diciembre},
	day 		= {8},
	url			= {https://www.coindesk.com},
	lastchecked = {22 de agosto, 2021},
}

@article{bitcoin:nigeria,
	author 		= {Colin Harper},
	title 		= {Nigerian Banks Shut Them Out, so These Activists Are Using Bitcoin to Battle Police Brutality},
	journal 	= {Coindesk},
	year 		= {2020},
	month 		= {octubre},
	day 		= {16},
	url			= {https://www.coindesk.com},
	lastchecked = {22 de agosto, 2021},
}

@article{bitcoin:rusia,
	author 		= {Anna Baydakova},
	title 		= {Russian Activists Use Bitcoin, and the Kremlin Doesn't Like It},
	journal 	= {Coindesk},
	year 		= {2020},
	month 		= {julio},
	day 		= {15},
	url			= {https://www.coindesk.com},
	lastchecked = {22 de agosto, 2021},
}

@article{fada:impuestos,
	author 		= {David Miazzo and Pisani Claro, Nicolle  and Natalia Ari\~{n}o},
	title 		= {\'{I}ndice FADA: Participaci\'{o}n del Estado en la renta agr\'{i}cola},
	institution = {Fundaci\'{o}n Agropecuaria para el Desarrollo de Argentina},
	year 		= {2021},
	month 		= {junio},
	location 	= {Argentina},
	address 	= {R\'{i}o Cuarto, C\'{o}rdoba},
	pagetotal 	= {11},
}

@article{indice-altoguiso,
	author 		= {{Infobae}},
	title 		= {A 8 a\~{n}os de su frase viral, reapareci\'{o} el personaje que instal\'{o} "con 15 pesos me hago alto guiso"},
	journal		= {Infobae},
	year 		= {2019},
	month 		= {noviembre},
	day			= {11},
}

@article{petro:anuncio,
	author 		= {{RT en espa\~{n}ol}},
	title 		= {Venezuela lanza su propia criptomoneda},
	journal		= {Russia Today},
	year 		= {2017},
	month 		= {diciembre},
	day			= {3},
	url			= {https://actualidad.rt.com},
	lastchecked = {30 de agosto, 2021},
}

@article{petro:anuncio2,
	author 		= {{RT en espa\~{n}ol}},
	title 		= {El petro: un bitc\'{o}in a la venezolana para sortear el bloqueo financiero },
	journal		= {Russia Today},
	year 		= {2017},
	month 		= {diciembre},
	day			= {4},
	url			= {https://actualidad.rt.com},
	lastchecked = {30 de agosto, 2021},
}

@article{petro:anuncio4,
	author 		= {Federico Kucher},
	title 		= {¿Qu\'{e} es el Petro? ¿Cu\'{a}l es su potencial para Venezuela?},
	journal		= {Russia Today},
	year 		= {2017},
	month 		= {diciembre},
	day			= {22},
	url			= {https://actualidad.rt.com},
	lastchecked = {30 de agosto, 2021},
}

@article{petro:emision,
	author 		= {{RT en espa\~{n}ol}},
	title 		= {Venezuela emite 100 millones de petros: ¿Qu\'{e} activos respaldan esa criptomoneda?},
	journal		= {Russia Today},
	year 		= {2018},
	month 		= {enero},
	day			= {6},
	url			= {https://actualidad.rt.com},
	lastchecked = {30 de agosto, 2021},
}

@article{petro:mitos,
	author 		= {Nathali G\'{o}mez},
	title 		= {Las cinco mentiras m\'{a}s repetidas sobre el petro, la criptomoneda venezolana},
	journal		= {Russia Today},
	year 		= {2018},
	month 		= {enero},
	day			= {11},
	url			= {https://actualidad.rt.com},
	lastchecked = {30 de agosto, 2021},
}

@article{petro:whitepaper-inicial,
	author 		= {{SUPC}},
	title 		= {Petro},
	journal 	= {Gobierno Bolivariano de Venezuela},
	year 		= {2018},
	month		= {enero},
	day			= {30},
	url 		= {https://www.petro.gob.ve},
	lastchecked = {18 de octubre, 2021},
}

@article{petro:whitepaper,
	author 		= {{SUNACRIP}},
	title 		= {Petro: Hacia la revoluci\'{o}n digital econ\'{o}mica},
	journal 	= {Gobierno Bolivariano de Venezuela},
	year 		= {2018},
	url 		= {https://www.petro.gob.ve},
	lastchecked = {18 de octubre, 2021},
}

@misc{giacomini:emision,
	author 		= {Diego Giacomini},
	title 		= {Anarcocapitalismo},
	year 		= {2020},
	month 		= {septiembre},
	day 		= {8},
	publisher 	= {Claudia Oviedo},
	organization = {YouTube},
	url 		= {https://www.youtube.com/watch?v=CbIQ6nslUxo},
	lastchecked = {30 de agosto, 2021},
}

@misc{precio:petroleo,
	author 		= {{MacroTrends}},
	title 		= {Crude Oil Prices - 70 Year Historical Chart},
	year 		= {2021},
	url 		= {https://www.macrotrends.net},
	lastchecked = {31 de agosto, 2021},
}

@online{pound:contra,
	author 		= {Dr. Pound, Michael P.},
	title 		= {How to Choose a Password - Computerphile},
	
	year 		= {2016},
	month		= {julio},
	day			= {20},
	organization = {YouTube},
	url			= {https://www.youtube.com/watch?v=3NjQ9b3pgIg},
	lastchecked	= {2 de septiembre, 2021},
}

@misc{kaspersky,
	author 		= {{Kaspersky}},
	title 		= {Brute Force Attack: Definition and Examples},
	journal		= {Resource Center},
	year		= {2018},
	url			= {https://www.kaspersky.com},
	lastchecked	= {3 de septiembre, 2021},
}

@misc{cryptojourney,
	author 		= {{CryptoJourney}},
	title		= {SHA-256 - (Espa\~{n}ol)},
	type		= {Video on-line},
	year 		= {2021},
	month		= {abril},
	day			= {20},
	url 		= {https://www.youtube.com/watch?v=PhgtSsne62Y},
	lastchecked = {5 de septiembre, 2021},
}

@misc{monero:cryptonote,
	author 		= {{thankful for today}},
	title 		= {[ANN][BMR] Bitmonero - a new coin based on CryptoNote technology - LAUNCHED},
	year 		= {2014},
	organization = {Bitcoin Forum},
	url 		= {https://bitcointalk.org/index.php?topic=563821},
}

@article{bytecoin:historia,
	author 		= {{MinerGate Mining Pool}},
	title 		= {Story of the coin: Bytecoin},
	journal 	= {Minergate.com},
	year 		= {2018},
	month		= {10},
	day			= {26},
	url 		= {https://minergate.com/},
	lastchecked = {12 de octubre, 2021},
}

@article{firmas-digitales,
	author 		= {Eliza Paul},
	title 		= {What is Digital Signature: How it works, Benefits, Objectives, Concept},
	journal 	= {Emptrust HR},
	year 		= {2017},
	month		= {09},
	day			= {12},
	url 		= {https://www.emptrust.com},
	lastchecked = {12 de octubre, 2021},
}

@article{binance:kyc,
	author 		= {Aaron Watts},
	title 		= {How and Why you Should do KYC on Binance?},
	journal 	= {Coincodex.com},
	year 		= {2021},
	month		= {09},
	day			= {21},
	url 		= {https://coincodex.com},
	lastchecked = {12 de octubre, 2021},
}

@article{bitcoin:china-ban,
	author 		= {Ryan Browne},
	title 		= {China's central bank says all cryptocurrency-related activities are illegal, vows harsh crackdown},
	journal 	= {CNBC},
	year 		= {2021},
	month		= {09},
	day			= {24},
	url 		= {https://www.cnbc.com},
	lastchecked = {12 de octubre, 2021},
}

@article{exchanges:hacks,
	author 		= {Andrey Kartsev},
	title 		= {Largest Crypto Hacks in History: Have Exchanges Learned Anything From Their Mistakes?},
	journal 	= {Coinmarketcap.com},
	year 		= {2021},
	month		= {09},
	day			= {24},
	url 		= {https://coinmarketcap.com},
	lastchecked = {12 de octubre, 2021},
}

@article{secreto-bancario,
	author 		= {Lan\'{u}s Ocampo, Mar\'{i}a Cecilia},
	title 		= {El Secreto Bancario},
	journal 	= {La Ley},
	number 		= {1247},
	year 		= {2006},
	url			= {https://ucema.edu.ar},
	lastchecked = {13 de octubre, 2021},
}

@article{ley-secreto-bancario,
	author 		= {{Ministerio de Justicia y Derechos Humanos}},
	title 		= {Ley 21.526},
	journal		= {Bolet\'{i}n Oficial},
	year 		= {1977},
	month		= {febrero},
	day			= {14},
	url			= {http://servicios.infoleg.gob.ar},
	lastchecked = {13 de octubre, 2021},
}

@article{codigo-penal,
	author 		= {{Ministerio de Justicia y Derechos Humanos}},
	title 		= {Ley 11.179},
	journal		= {C\'{o}digo Penal de la Naci\'{o}n Argentina},
	year 		= {1984},
	url			= {http://servicios.infoleg.gob.ar},
	lastchecked = {13 de octubre, 2021},
}

@article{frase-fayt,
	author 		= {Sergio Berensztein},
	title 		= {La Rep\'{u}blica en cuarentena},
	journal		= {Notiar.com.ar},
	year 		= {2020},
	month		= {marzo},
	day			= {28},
	url			= {https://www.notiar.com.ar/},
	lastchecked = {13 de octubre, 2021},
}

@article{onu:venezuela,
	author 		= {Florantonia Singer},
	title 		= {La ONU califica el sistema judicial venezolano como una pieza de represi\'{o}n del Gobierno de Maduro},
	journal		= {El Pa\'{i}s},
	year 		= {2021},
	month		= {septiembre},
	day			= {16},
	url			= {https://elpais.com},
	lastchecked = {13 de octubre, 2021},
}

@article{cuba:constitucion,
	author 		= {{Redacci\'{o}n Nacional}},
	title 		= {Constituci\'{o}n de la Rep\'{u}blica de Cuba},
	journal		= {Granma},
	year 		= {2019},
	month		= {febrero},
	day			= {24},
	url			= {https://www.granma.cu},
	lastchecked = {13 de octubre, 2021},
}

@book{rothbard:igualitarismo,
	author 		= {Rothbard, Murray N.},
	title 		= {El igualitarismo como rebeli\'{o}n contra la naturaleza y otros ensayos},
	year 		= {2000},
	foreword 	= {David Gordon},
	translator	= {Gam\'{o}n Robres, Juan Jos\'{e}},
	language 	= {Espa\~{n}ol},
	origlanguage = {Ingl\'{e}s},
	edition 	= {2},
	address 	= {Alabama},
	publisher 	= {The Ludwig von Mises Institute},
	location 	= {Estados Unidos},
	isbn 		= {0-945466-23-4},
	pagetotal 	= {312},
}

@article{bitcoin:elsalvador,
	author 		= {{\'{A}mbito Finanzas}},
	title 		= {A un mes de la adopci\'{o}n del Bitcoin como moneda de curso legal en El Salvador: ¿Cu\'{a}l es el balance?},
	journal		= {\'{A}mbito},
	year 		= {2021},
	month		= {octubre},
	day			= {07},
	url			= {https://www.ambito.com},
	lastchecked = {14 de octubre, 2021},
}

@book{konkin:manifiesto,
	author 		= {Konkin III, Samuel Edward},
	title 		= {Manifiesto Neolibertario},
	year 		= {2011},
	foreword 	= {Huerta de Soto, Jes\'{u}s},
	translator	= {Rico Guastavino, Ignacio Pablo},
	language 	= {Espa\~{n}ol},
	origlanguage = {Ingl\'{e}s},
	edition 	= {1},
}

@article{motyl:deuda-argentina,
	author 		= {{Portfolio Personal Inversiones}},
	title 		= {Especial deuda: la visi\'{o}n de Mart\'{i}n Vauthier y Natalia Motyl},
	journal		= {Portfolio Personal},
	year 		= {2020},
	month		= {mayo},
	day			= {29},
	url			= {https://portfoliopersonal.com},
	lastchecked = {14 de octubre, 2021},
}

@article{CBDC,
	author 		= {Mookerjee, Ajay S.},
	title 		= {What If Central Banks Issued Digital Currency?},
	journal		= {Harvard Business Review},
	year 		= {2021},
	month		= {octubre},
	day			= {15},
	url			= {https://hbr.org},
	lastchecked = {18 de octubre, 2021},
}

@article{CBDC:dolarizacion,
	author 		= {Carstens, Agust\'{i}n},
	title 		= {Digital currencies and the future of the monetary system},
	journal = {Hoover Institution},
	year 		= {2021},
	month 		= {enero},
	day 		= {27},
	url			= {https://www.bis.org},
	lastchecked = {18 de octubre, 2021},
}

@article{venezuela:apagones,
	author 		= {{Grupo Ricardo Zuloaga}},
	title 		= {Gobierno raciona la electricidad en el occidente del pa\'{i}s en plena cuarentena},
	journal = {Los \#Sin luz en la prensa},
	year 		= {2020},
	month 		= {abril},
	day 		= {16},
	url			= {https://www.lossinluzenlaprensa.com},
	lastchecked = {18 de octubre, 2021},
}

@article{metales:precio,
	author 		= {{Daily Metal Prices}},
	title 		= {Metal Spot Prices by Date},
	journal 	= {Daily metal prices},
	year 		= {2021},
	url			= {https://www.dailymetalprice.com},
	lastchecked = {18 de octubre, 2021},
}

@article{petroleo:precio,
	author 		= {OPEC},
	title 		= {OPEC Basket Price},
	journal 	= {Organization of the Petroleum Exporting Countries},
	year 		= {2020},
	url			= {https://www.opec.org},
	lastchecked = {18 de octubre, 2021},
}

@report{encovi2021,
	author 		= {{Proyecto ENCOVI}},
	title 		= {Condiciones de vida de los venezolanos: entre emergencia humanitaria y pandemia},
	type 		= {Reporte},
	institution = {Universidad Cat\'{o}lica Andr\'{e}s Bello},
	year 		= {2021},
	month 		= {septiembre},
	address 	= {Caracas},
	url 		= {https://www.proyectoencovi.com},
	lastchecked = {18 de octubre, 2021},
}

@book{codelco:cobre,
	author 		= {Alexander Leibbrandt},
	title 		= {Civilization and Copper},
	year		= {2001},
	editor 		= {Vial P., Teresa},
	translator 	= {Lake Sagaris},
	foreword 	= {Smolders, Jan A.},
	publisher 	= {Codelco, Inc.},
	location 	= {Chile},
	address 	= {Santiago},
	isbn 		= {0-943642-12-13},
	pagetotal 	= {65},
}

@article{sulfuro-hierro,
	author 		= {{King, Hobart M. PhD, RPG}},
	title 		= {Fool's Gold},
	journal		= {Geology.com},
	year 		= {2005},
	url			= {https://geology.com},
	lastchecked = {22 de octubre, 2021},
}

@book{nappa:calc-financ,
	author 		= {Nappa, Ana Mar\'{i}a},
	title 		= {Introducci\'{o}n al C\'{a}lculo Financiero},
	year 		= {2008},
	editor		= {Universidad Argentina de la Empresa},
	language 	= {Espa\~{n}ol},
	edition 	= {1},
	address 	= {Buenos Aires},
	publisher 	= {Temas Grupo Editorial},
	location 	= {Argentina},
	isbn 		= {978-950-9445-50-5},
	pagetotal 	= {384},
}

@article{corte-luz-2012,
	author 		= {{El Litoral}},
	title 		= {Cristina orden\'{o} la denuncia penal ante la sospecha de un sabotaje},
	journal 	= {El Litoral},
	year 		= {2012},
	month		= {noviembre},
	day			= {8},
	url			= {https://www.ellitoral.com},
	lastchecked = {25 de octubre, 2021},
}

@article{vivienda-ociosa,
	author 		= {Alcaraz, Mar\'{i}a Florencia},
	title 		= {Buenos Aires: Casas vac\'{i}as, gente en la calle, alquileres sin control},
	journal 	= {El destape},
	year 		= {2019},
	month		= {agosto},
	day			= {19},
	url			= {https://www.eldestapeweb.com},
	lastchecked = {25 de octubre, 2021},
}

@book{hazlitt:econo1lec,
	author 		= {Henry Hazlitt},
	title 		= {La econom\'{i}a en una lecci\'{o}n},
	year 		= {2011},
	foreword	= {Ram\'{o}n Rallo, Juan},
	language 	= {Espa\~{n}ol},
	edition 	= {7},
	translator 	= {de la Fuente, Juan Marcos and Villanueva Salas, Marciano},
	publisher 	= {Uni\'{o}n Editorial},
	isbn 		= {978-8472095519},
	pagetotal 	= {148},
}

@article{problemas-droga,
	author 		= {Thelma Sardin},
	title 		= {Effects of drug abuse and addiction},
	journal 	= {Gateway Foundation},
	year 		= {2021},
	month		= {April},
	day		= {12},
	url		= {https://www.gatewayfoundation.org},
	lastchecked 	= {26 de octubre, 2021},
}

@article{abstinencia,
	author 		= {Amelia Sharp},
	title 		= {Drug Withdrawal Symptoms, Timelines, and Treatment},
	journal 	= {American Addiction Centers},
	editor		= {B.A. Lautieri, Amanda and MD. Thomas, Scot},
	year 		= {2021},
	month		= {octubre},
	day			= {21},
	url			= {https://americanaddictioncenters.org},
	lastchecked = {26 de octubre, 2021},
}

@article{infobae:control-insumos,
	author 		= {Ximena Casas},
	title 		= {Por el coronavirus, se duplicaron la demanda y los precios de los barbijos y el alcohol en gel},
	journal 	= {Infobae},
	year 		= {2020},
	month 		= {marzo},
	day 		= {4},
	url			= {https://www.infobae.com},
	lastchecked = {27 de octubre, 2021},
}

@article{decreto:antidespidos,
	author 		= {{Poder Ejecutivo Nacional}},
	title 		= {Emergencia p\'{u}blica en materia ocupacional},
	journal 	= {Decreto},
	year 		= {2021},
	month 		= {junio},
	day			= {25},
	number 		= {413},
	url			= {http://servicios.infoleg.gob.ar},
}

@article{resolucion:barbijos,
	author 		= {{Secretar\'{i}a del Comercio Interior}},
	title 		= {RESOL-2020-114-APN-SCI-MDP},
	journal 	= {Resoluci\'{o}n},
	year 		= {2020},
	month 		= {abril},
	day			= {15},
	number 		= {114},
	url			= {http://servicios.infoleg.gob.ar},
}

@article{ley:trabajo,
	author 		= {{Ministerio de Justicia y Derechos Humanos}},
	title 		= {Ley 11.544},
	journal		= {Bolet\'{i}n Oficial},
	year 		= {1929},
	month		= {septiembre},
	day			= {12},
	url			= {http://servicios.infoleg.gob.ar},
	lastchecked = {27 de octubre, 2021},
}

@article{mineuquen:falsodilema,
	author 		= {Mu\~{n}oz Asquini, Gabriel},
	title 		= {Cuarentena: "Si el dilema es la econom\'{i}a o la vida, yo elijo la vida", afirm\'{o} el presidente},
	journal 	= {Minuto Neuqu\'{e}n},
	year 		= {2020},
	month 		= {marzo},
	day 		= {23},
	url			= {https://www.minutoneuquen.com},
	lastchecked = {27 de octubre, 2021},
}

@article{infobae:ganar-menos,
	author 		= {{Infobae Pol\'{i}tica}},
	title 		= {El mensaje del Presidente a los empresarios: "Voy a ser duro con los que despiden gente"},
	journal 	= {Infobae},
	year 		= {2020},
	month 		= {marzo},
	day 		= {29},
	url			= {https://www.infobae.com},
	lastchecked = {27 de octubre, 2021},
}

@article{lanacion:guitatelefonica,
	author 		= {Daniela Pasik},
	title 		= {Nostalgias del siglo XX. ¿Te acord\'{a}s de la gu\'{i}a telef\'{o}nica?},
	journal 	= {La Naci\'{o}n},
	year 		= {2019},
	month 		= {noviembre},
	day 		= {20},
	url			= {https://www.lanacion.com.ar},
	lastchecked = {1 de noviembre, 2021},
}

@article{investopedia:exchanges,
	author 		= {Luke Conway},
	title 		= {Best Crypto Exchanges},
	journal 	= {Investopedia},
	year 		= {2021},
	month 		= {octubre},
	day 		= {29},
	url			= {https://www.investopedia.com},
	lastchecked = {1 de noviembre, 2021},
}

@article{satoshi:genesis,
	author 		= {Chris Williams},
	title 		= {Bitcoin's Birthday: Satoshi Nakamoto's Hidden Message Explained},
	journal 	= {Crypto Briefing},
	year 		= {2021},
	month 		= {enero},
	day 		= {3},
	url			= {https://cryptobriefing.com},
	lastchecked = {1 de noviembre, 2021},
}

@article{bcra:lista-negra,
	author 		= {Melina Manfredi},
	title 		= {El BCRA public\'{o} los nombres de las personas que compraron m\'{a}s de u\$s 10.000 en el mes},
	journal 	= {El Cronista},
	year 		= {2019},
	month 		= {septiembre},
	day 		= {27},
	url			= {https://www.cronista.com},
	lastchecked = {9 de noviembre, 2021},
}

@report{doing-business:arg,
	author 		= {{Doing Business}},
	title 		= {Economy Profile: Argentina},
	type 		= {Reporte},
	institution = {World Bank Group},
	year 		= {2020},
	url			= {https://www.doingbusiness.org},
	lastchecked	= {9 de noviembre, 2021},
}

@article{panampost:chocobar,
	author 		= {Marcelo Duclos},
	title 		= {Fuerte gesto de cambio en Argentina: Macri recibi\'{o} al polic\'{i}a del caso Wolek},
	journal 	= {Panam Post},
	year 		= {2018},
	month 		= {febrero},
	day 		= {1},
	url			= {https://panampost.com},
	lastchecked = {10 de noviembre, 2021},
}

@article{panampost:chocobar2,
	author 		= {Marcelo Duclos},
	title 		= {Caso Chocobar: nuevo fallo de la Justicia argentina desprotege a\'{u}n m\'{a}s a la gente},
	journal 	= {Panam Post},
	year 		= {2021},
	month 		= {mayo},
	day 		= {28},
	url			= {https://panampost.com},
	lastchecked = {10 de noviembre, 2021},
}

@article{ablh:zaffaroni,
	author 		= {Benegas Lynch (h), Alberto},
	title 		= {Alberto Benegas Lynch (H): "Le dije a Milei que si se usa lenguaje soez no se puede hablar de batalla cultural"},
	journal 	= {Fundaci\'{o}n Libertad y Progreso},
	year 		= {2021},
	month 		= {octubre},
	day 		= {21},
	url			= {https://www.libertadyprogreso.org},
	lastchecked = {10 de noviembre, 2021},
}

@article{caso:cardozo,
	author 		= {{Redacci\'{o}n Los Andes}},
	title 		= {Detuvieron a Jorge Adri\'{a}n Cardozo, el hombre que admiti\'{o} haber abusado de su hija},
	journal 	= {Los Andes},
	year 		= {2020},
	month 		= {agosto},
	day 		= {16},
	url			= {https://www.losandes.com.ar},
	lastchecked = {10 de noviembre, 2021},
}

@article{caso:quom,
	author 		= {Noelia Malvina},
	title 		= {Chaco: Brutal represi\'{o}n a una familia Quom},
	journal 	= {News Digitales},
	year 		= {2020},
	month 		= {junio},
	day 		= {2},
	url			= {https://www.newsdigitales.com},
	lastchecked = {10 de noviembre, 2021},
}

@article{caso:ara-san-juan,
	author 		= {Fernando Morales},
	title 		= {10 mitos y verdades sobre la desaparici\'{o}n del ARA San Juan},
	journal 	= {Infobae},
	year 		= {2018},
	month 		= {noviembre},
	day 		= {15},
	url			= {https://www.infobae.com},
	lastchecked = {10 de noviembre, 2021},
}

@article{defensanac:infodefensa,
	author 		= {{InfoDefensa}},
	title 		= {Argentina destinar\'{a} 2.000 millones de d\'{o}lares a Defensa en 2021},
	journal 	= {Infodefensa.com},
	year 		= {2020},
	month 		= {septiembre},
	day 		= {28},
	url			= {https://www.infodefensa.com},
	lastchecked = {10 de noviembre, 2021},
}

@article{defensanac:perspec-genero,
	author 		= {Mariana Escalada and Agust\'{i}n Ronconi},
	title 		= {El gobierno le quit\'{o} 240 millones a "Defensa y Seguridad" y los asign\'{o} a "Pol\'{i}ticas de g\'{e}nero, igualdad y diversidad"},
	journal 	= {El Disenso},
	year 		= {2020},
	month 		= {enero},
	day 		= {14},
	url			= {https://www.infobae.com},
	lastchecked = {10 de noviembre, 2021},
}

@article{defensanac:perspec-genero2,
	author 		= {Sergio Serrichio},
	title 		= {El Gobierno destinar\'{a} el 3,4\% del Producto Bruto Interno a programas con perspectiva de g\'{e}nero},
	journal 	= {Infobae},
	year 		= {2020},
	month 		= {septiembre},
	day 		= {20},
	url			= {https://www.infobae.com},
	lastchecked = {10 de noviembre, 2021},
}

@book{jovenesidealistas,
	author 		= {Victoria Villarruel},
	title 		= {Los llaman... "j\'{o}venes idealistas"},
	year 		= {2009},
	language 	= {Espa\~{n}ol},
	edition 	= {1},
	publisher 	= {CELTYV},
	address 	= {Buenos Aires},
	location 	= {Argentina},
}

@article{caso:jueces,
	author 		= {Claudia Peir\'{o}},
	title 		= {El juez que liber\'{o} al violador y la doctrina Zaffaroni},
	journal 	= {Infobae},
	year 		= {2017},
	month 		= {abril},
	day 		= {8},
	url			= {https://www.infobae.com},
	lastchecked = {11 de noviembre, 2021},
}

@article{crb:just-popul,
	author 		= {Carlos Rodriguez Braun},
	title 		= {Justicia y populismo},
	journal 	= {La Raz\'{o}n},
	year 		= {2016},
	month 		= {marzo},
	day 		= {3},
	url			= {https://www.larazon.es},
	lastchecked = {11 de noviembre, 2021},
}

@article{gz:poder-judicial,
	author 		= {Gabriel Zanotti},
	title 		= {La destrucci\'{o}n del Poder Judicial: ahora s\'{i} que vienen por todo},
	journal 	= {Blogspot},
	year 		= {2019},
	month 		= {mayo},
	day 		= {12},
	url			= {https://gzanotti.blogspot.com},
	lastchecked = {11 de noviembre, 2021},
}

@article{abl:incentivos,
	author 		= {Benegas Lynch (hijo), Alberto},
	title 		= {La clave son los incentivos},
	journal 	= {Infobae},
	year 		= {2018},
	month 		= {octubre},
	day 		= {12},
	url			= {https://www.infobae.com},
	lastchecked = {11 de noviembre, 2021},
}

@article{abl:poder-judicial,
	author 		= {Benegas Lynch (hijo), Alberto},
	title 		= {La gran mentira de nuestro tiempo},
	journal 	= {La Naci\'{o}n},
	year 		= {2014},
	month 		= {febrero},
	day 		= {26},
	url			= {https://www.lanacion.com.ar},
	lastchecked = {16 de noviembre, 2021},
}

@article{cuba:15n,
	author 		= {{Ntn24.com}},
	title 		= {ONG de Am\'{e}rica Latina piden por el derecho a manifestar en Cuba},
	journal 	= {NTN24},
	year 		= {2021},
	month 		= {noviembre},
	day 		= {15},
	url			= {https://www.ntn24.com},
	lastchecked = {16 de noviembre, 2021},
}

@book{brunoleoni:ley,
	author 		= {Bruno Leoni},
	title 		= {La Libertad y la Ley},
	year 		= {2010},
	translator 	= {{Cosmopolitan Translation Service, Ltd.}},
	language 	= {Espa\~{n}ol},
	edition 	= {3},
	address 	= {Madrid},
	publisher 	= {Uni\'{o}n Editorial},
	location 	= {Espa\~{n}a},
	isbn 		= {978-84-7209-530-4},
}

@article{vatayonmilitante,
	author 		= {{Infobae}},
	title 		= {La historia de "Vatay\'{o}n Militante", la agrupaci\'{o}n kirchnerista que organizaba salidas transitorias de presos para celebrar actos partidarios},
	journal 	= {Infobae},
	year 		= {2020},
	month 		= {mayo},
	day			= {3},
	url 		= {https://www.infobae.com},
	lastchecked	= {23 de noviembre, 2021},
}

@article{abl:corrupcion,
	author 		= {Benegas Lynch (h), Alberto},
	title 		= {Sobre la corrupci\'{o}n},
	journal 	= {El Pa\'{i}s},
	year 		= {2018},
	month 		= {abril},
	day			= {15},
	url 		= {https://www.elpais.com.uy},
	lastchecked	= {23 de noviembre, 2021},
}

@article{justicia-privada,
	author 		= {Murphy, Robert P.},
	title 		= {La posibilidad de una ley privada},
	journal 	= {Mises Institute},
	year 		= {2005},
	month 		= {marzo},
	day			= {8},
	url 		= {https://mises.org/es},
	lastchecked	= {23 de noviembre, 2021},
}

@article{def:regulacion,
	author 		= {Bruno Castillo},
	title 		= {Regulaci\'{o}n Estatal},
	journal 	= {Enciclopedia Jur\'{i}dica Online Gratuita y Libre},
	year 		= {2018},
	url 		= {https://argentina.leyderecho.org/},
	lastchecked	= {25 de noviembre, 2021},
}

@article{decreto:impuestocripto,
	author 		= {{Poder Ejecutivo Nacional}},
	title 		= {Reglamentaci\'{o}n del Impuesto sobre los D\'{e}bitos y Cr\'{e}ditos en Cuenta Corriente Bancaria},
	journal 	= {Decreto},
	month 		= {marzo},
	day			= {29},
	year 		= {2001},
	number 		= {380},
	url			= {http://servicios.infoleg.gob.ar},
}

@article{impuestocripto,
	author 		= {Fernando Mea\~{n}os},
	title 		= {Golpe al Bitcoin: aplicar\'{a}n el impuesto al cheque a la compraventa de criptomonedas},
	journal 	= {Infobae},
	year 		= {2021},
	month		= {noviembre},
	day			= {17},
	url 		= {https://www.infobae.com},
	lastchecked	= {26 de noviembre, 2021},
}

@article{listanegra,
	author 		= {{La Naci\'{o}n}},
	title 		= {"Lista negra": amplio repudio a un informe que expone datos privados de "conservadores"},
	journal 	= {La Naci\'{o}n},
	year 		= {2021},
	month		= {junio},
	day			= {14},
	url 		= {https://www.lanacion.com.ar/},
	lastchecked	= {26 de noviembre, 2021},
}

@article{raperocubano,
	author 		= {Hern\'{a}n Stuchi},
	title 		= {Cuba: detienen a rapero opositor en vivo},
	journal 	= {LHDA Noticias},
	year 		= {2021},
	month		= {junio},
	day			= {19},
	url 		= {https://www.instagram.com},
	lastchecked	= {26 de noviembre, 2021},
}

@article{epedia:burocracia,
	author 		= {L\'{o}pez Cabia, David},
	title 		= {Burocracia},
	journal 	= {Economipedia.com},
	year 		= {2016},
	month		= {diciembre},
	day			= {10},
	url 		= {https://argentina.leyderecho.org/},
	lastchecked	= {30 de noviembre, 2021},
}

@misc{rompiendolabanca:burocracia,
	author 		= {Rick Deckard},
	title 		= {Red Tape},
	year 		= {2021},
	month 		= {noviembre},
	day 		= {21},
	number 		= {276},
	type 		= {Podcast},
	publisher	= {Rompiendo la banca},
	url 		= {https://www.spotify.com/ar/},
	lastchecked	= {30 de noviembre, 2021},
}

@misc{vtv,
	author 		= {{VTV Turnos}},
	title 		= {¿Qu\'{e} es la VTV?},
	year 		= {2021},
	url 		= {https://vtvturno.com/},
	lastchecked	= {30 de noviembre, 2021},
}

@article{salariominimo:2021,
	author 		= {{Infobae}},
	title 		= {El Gobierno oficializ\'{o} la suba del salario m\'{i}nimo: de cu\'{a}nto ser\'{a}n los aumentos de septiembre, octubre y febrero},
	journal 	= {Infobae},
	year 		= {2021},
	month		= {septiembre},
	day			= {27},
	url 		= {https://www.infobae.com},
	lastchecked	= {30 de noviembre, 2021},
}

@article{codigoabierto,
	author 		= {Jake Frankenfield},
	title 		= {Open Source},
	journal 	= {Investopedia},
	year 		= {2021},
	month		= {enero},
	day			= {21},
	url 		= {https://www.investopedia.com},
	lastchecked	= {2 de diciembre, 2021},
}

@misc{huertadesoto:valor,
	author 		= {Huerta de Soto, Jes\'{u}s},
	title		= {Subjetividad del Valor},
	publisher	= {Marcos Cantaluppi},
	type		= {Video on-line},
	year 		= {2019},
	month		= {octubre},
	day			= {24},
	url 		= {https://www.youtube.com/},
	lastchecked = {2 de diciembre, 2021},
}

@article{cripto:estado-pag12,
	author 		= {Federico Kucher},
	title 		= {Bitcoin: las claves de las monedas digitales},
	journal 	= {P\'{a}gina 12},
	year 		= {2021},
	month		= {enero},
	day			= {3},
	url 		= {https://www.pagina12.com.ar},
	lastchecked = {3 de diciembre, 2021},
}

@article{cripto:estado2-pag12,
	author 		= {Esteban Magnani},
	title 		= {Todo lo que siempre quisiste saber sobre las criptomonedas},
	journal 	= {P\'{a}gina 12},
	year 		= {2021},
	month		= {agosto},
	day			= {24},
	url 		= {https://www.pagina12.com.ar},
	lastchecked = {3 de diciembre, 2021},
}

@article{cripto:estado3-infobae,
	author 		= {Nathaniel Popper},
	title 		= {Los terroristas ahora se financian con Bitcoin},
	journal 	= {Infobae},
	year 		= {2019},
	month		= {agosto},
	day			= {23},
	url 		= {https://www.infobae.com},
	lastchecked = {3 de diciembre, 2021},
}

@article{def:ballena,
	author 		= {Ruzbeh Bacha},
	title 		= {Debe conocer la terminolog\'{i}a de criptomonedas: taquigraf\'{i}a y jerga utilizados por la comunidad},
	journal 	= {CityFALCON},
	year 		= {2018},
	month		= {enero},
	day			= {18},
	url 		= {https://www.cityfalcon.com},
	lastchecked = {3 de diciembre, 2021},
}

@article{frase:mallery,
	author 		= {Nicholas Snow},
	title 		= {If Goods Don't Cross Borders...},
	journal 	= {FEE},
	year 		= {2010},
	month		= {octubre},
	day			= {26},
	url 		= {https://fee.org},
	lastchecked = {4 de diciembre, 2021},
}

@article{aumento:policiabonaerense,
	author 		= {{El D\'{i}a}},
	title 		= {Aumento para la Polic\'{i}a: c\'{o}mo queda el b\'{a}sico de cada jerarqu\'{i}a a partir del incremento anunciado},
	journal 	= {El D\'{i}a},
	year 		= {2021},
	month		= {octubre},
	day			= {15},
	url 		= {https://www.eldia.com},
	lastchecked = {7 de diciembre, 2021},
}

@article{bae:milei-peso,
	author 		= {Daniel Sticco},
	title 		= {Javier Milei: "La gente no quiere el peso porque es la moneda que emite la clase política"},
	journal 	= {Infobae},
	year 		= {2019},
	month 		= {diciembre},
	day 		= {29},
	url 		= {https://www.infobae.com},
	lastchecked = {11 de diciembre, 2021},
}

@book{read:lapiz,
	author 		= {Read, Leonard E.},
	title 		= {Anything That's Peaceful: The Case for the Free Market},
	year 		= {1964},
	address 	= {Nueva York},
	publisher 	= {The Foundation for Economic Education},
	location 	= {Estados Unidos},
	isbn 		= {978-1-61016-146-6},
}

@misc{bitwiki:p2pkh,
	author 		= {{Bitcoin Wiki}},
	title 		= {Transaction},
	year 		= {2021},
	url 		= {https://en.bitcoin.it},
	lastchecked = {13 de diciembre, 2021},
}

@misc{bitwiki:p2sh,
	author 		= {{Bitcoin Wiki}},
	title 		= {Pay to script hash},
	year 		= {2021},
	url 		= {https://en.bitcoin.it},
	lastchecked = {13 de diciembre, 2021},
}

@misc{bitwiki:bech32,
	author 		= {{Bitcoin Wiki}},
	title 		= {Bech32},
	year 		= {2021},
	url 		= {https://en.bitcoin.it},
	lastchecked = {13 de diciembre, 2021},
}

@article{bitcoin:impuestos,
	author 		= {{iProUP}},
	title 		= {Qué impuestos de AFIP debo pagar si opero con criptomonedas},
	journal 	= {iProUP},
	year 		= {2021},
	month 		= {noviembre},
	day 		= {14},
	url 		= {https://www.iproup.com},
	lastchecked = {14 de diciembre, 2021},
}

@misc{shares:invalidas,
	author 		= {{MineXMR}},
	title 		= {Monero Mining Guide},
	year 		= {2021},
	url 		= {https://minexmr.com},
	lastchecked = {14 de diciembre, 2021},
}

@article{digital:yuan,
	author 		= {Rakesh Sharma},
	title 		= {Understanding China's Digital Yuan},
	journal 	= {Investopedia},
	year 		= {2020},
	month 		= {diciembre},
	day 		= {09},
	url 		= {https://www.investopedia.com},
	lastchecked = {15 de diciembre, 2021},
}

@article{digital:euro,
	author 		= {Werner Vermaak},
	title 		= {Digital Euro: What Is It and How Will it Work?},
	journal 	= {CoinMarketCap},
	year 		= {2021},
	month 		= {septiembre},
	day 		= {08},
	url 		= {https://coinmarketcap.com},
	lastchecked = {15 de diciembre, 2021},
}

@book{frase:seneca,
	author 		= {Palomo Trigueros, Eduardo},
	title 		= {Cita-log\'{i}a},
	year 		= {2013},
	language 	= {Espa\~{n}ol},
	address 	= {Madrid},
	publisher 	= {Punto Rojo Libros},
	location 	= {España},
	isbn 		= {978-84-16068-10-4},
}

@article{misery:index,
	author 		= {Hanke, Steve H.},
	title 		= {Hanke’s 2020 Misery Index: Who’s Miserable and Who’s Happy?},
	journal 	= {Cato Institute},
	year 		= {2021},
	month 		= {abril},
	day 		= {14},
	url 		= {https://www.cato.org},
	lastchecked = {15 de diciembre, 2021},
}

@misc{kaspersky:keylogger,
	author 		= {{Kaspersky}},
	title 		= {What is Keystroke Logging and Keyloggers?},
	journal		= {Resource Center},
	year		= {2020},
	url			= {https://www.kaspersky.com},
	lastchecked	= {17 de diciembre, 2021},
}

@article{monero:verificacion,
	author 		= {{GetMonero}},
	title		= {Verificar binarios en Linux, Mac o Windows en consola de comandos (avanzado)},
	journal		= {GetMonero.com},
	year 		= {2020},
	url			= {https://www.getmonero.org/es},
	lastchecked	= {18 de diciembre, 2021},
}

@misc{satoshilov,
	author 		= {{Lovera}},
	title 		= {GUI Wallet V0.16 – Guía completa para Monero},
	journal		= {SatoshiLov},
	year		= {2020},
	month		= {junio},
	day			= {13},
	url			= {https://satoshilov.com},
	lastchecked	= {20 de diciembre, 2021},
}
